<?xml version="1.0" encoding="utf-8"?>
<record xmlns="http://www.loc.gov/MARC21/slim" xmlns:xsi="http://www.w3.org/2001/XMLSchema-instance" xsi:schemaLocation="http://www.loc.gov/MARC21/slim http://www.loc.gov/standards/marcxml/schema/MARC21slim.xsd">
	<leader>     nam a22        4500</leader>
	<controlfield tag="001">b1451848x</controlfield>
	<controlfield tag="003">UaCaAUL</controlfield>
	<controlfield tag="006">m        d        </controlfield>
	<controlfield tag="007">cr cn |||m|||a</controlfield>
	<controlfield tag="008">170928s1934    ua      ob    001 0 arard</controlfield>
	<datafield ind1=" " ind2=" " tag="040">
		<subfield code="a">NNU</subfield>
		<subfield code="b">eng</subfield>
		<subfield code="e">rda</subfield>
		<subfield code="c">NNU</subfield>
	</datafield>
	<datafield ind1=" " ind2="4" tag="050">
		<subfield code="a">KA615</subfield>
		<subfield code="b">.B84 1934</subfield>
	</datafield>
	<datafield ind1="0" ind2=" " tag="100">
		<subfield code="6">880-01</subfield>
		<subfield code="a">Zakī Mubārak. </subfield>
	</datafield>
	<datafield ind1="1" ind2="0" tag="245">
		<subfield code="6">880-02</subfield>
		<subfield code="a">Iṣlāḥ ashnaʻ khaṭaʼ fī tārīkh al-tashrīʻ al-Islāmī :</subfield>
		<subfield code="b">Kitāb al-Umm, lam yuʼallifuhu al-Shāfiʻī wa-innamā allafahu al-Buwaytī wa-tasarrafa fihī al-Rabīʻ ibn Sulaymān /</subfield>
		<subfield code="c">baḥth wa-taḥqīq bi-qalam Zakī Mubārak.</subfield>
	</datafield>
	<datafield ind1="1" ind2="5" tag="246">
		<subfield code="a">Kitab el-Omm</subfield>
	</datafield>
	<datafield ind1=" " ind2=" " tag="260">
		<subfield code="6">880-03</subfield>
		<subfield code="a">Miṣr :</subfield>
		<subfield code="b">al-Maktabah al-Tijārīyah al-Kubrá,</subfield>
		<subfield code="c">[1934]</subfield>
	</datafield>
	<datafield ind1=" " ind2=" " tag="300">
		<subfield code="a">online resource (119 pages)</subfield>
	</datafield>
	<datafield ind1=" " ind2=" " tag="336">
		<subfield code="a">text</subfield>
		<subfield code="2">rdacontent</subfield>
	</datafield>
	<datafield ind1=" " ind2=" " tag="337">
		<subfield code="a">computer</subfield>
		<subfield code="2">rdamedia</subfield>
	</datafield>
	<datafield ind1=" " ind2=" " tag="338">
		<subfield code="a">online resource</subfield>
		<subfield code="2">rdacarrier</subfield>
	</datafield>
	<datafield ind1=" " ind2=" " tag="500">
		<subfield code="a">Part of the Arabic Collections Online (ACO) project, contributed by American University in Cairo Library.</subfield>
	</datafield>
	<datafield ind1=" " ind2=" " tag="504">
		<subfield code="a">Includes bibliographical references and index.</subfield>
	</datafield>
	<datafield ind1=" " ind2=" " tag="533">
		<subfield code="a">Electronic reproduction.</subfield>
		<subfield code="b">New York, N.Y. :</subfield>
		<subfield code="c">New York University,</subfield>
		<subfield code="d">2017.</subfield>
		<subfield code="5">NNU</subfield>
	</datafield>
	<datafield ind1="1" ind2="0" tag="600">
		<subfield code="6">880-04</subfield>
		<subfield code="a">Shāfiʻī, Muḥammad ibn Idrīs,</subfield>
		<subfield code="d">767 or 768-820.</subfield>
		<subfield code="t">Umm.</subfield>
	</datafield>
	<datafield ind1="1" ind2="0" tag="600">
		<subfield code="a">Shāfiʻī, Muḥammad ibn Idrīs,</subfield>
		<subfield code="d">767 or 768-820</subfield>
		<subfield code="x">Authorship.</subfield>
	</datafield>
	<datafield ind1="1" ind2="7" tag="600">
		<subfield code="a">Shāfiʻī, Muḥammad ibn Idrīs,</subfield>
		<subfield code="d">767 or 768-820.</subfield>
		<subfield code="2">fast</subfield>
		<subfield code="0">(OCoLC)fst01846928</subfield>
	</datafield>
	<datafield ind1="0" ind2="7" tag="630">
		<subfield code="a">Umm (Shāfiʻī, Muḥammad ibn Idrīs)</subfield>
		<subfield code="2">fast</subfield>
		<subfield code="0">(OCoLC)fst01376615</subfield>
	</datafield>
	<datafield ind1=" " ind2="7" tag="650">
		<subfield code="a">Authorship.</subfield>
		<subfield code="2">fast</subfield>
		<subfield code="0">(OCoLC)fst00822442</subfield>
	</datafield>
	<datafield ind1="2" ind2=" " tag="710">
		<subfield code="a">American University in Cairo.</subfield>
		<subfield code="b">Library.</subfield>
	</datafield>
	<datafield ind1="0" ind2=" " tag="730">
		<subfield code="a">Arabic Collections Online.</subfield>
	</datafield>
	<datafield ind1="0" ind2="8" tag="776">
		<subfield code="i">Print version:</subfield>
		<subfield code="a">Zakī Mubārak.</subfield>
		<subfield code="t">Iṣlāḥ ashnaʻ khaṭaʼ fī tārīkh al-tashrīʻ al-Islāmī</subfield>
		<subfield code="w">(UaCaAUL)b1451848x</subfield>
		<subfield code="w">(OCoLC)34166050</subfield>
	</datafield>
	<datafield ind1="4" ind2="0" tag="856">
		<subfield code="u">http://hdl.handle.net/2333.1/k3j9kkbj</subfield>
	</datafield>
	<datafield ind1="0" ind2=" " tag="880">
		<subfield code="6">100-01</subfield>
		<subfield code="a">زكي مبارك.</subfield>
	</datafield>
	<datafield ind1="1" ind2="0" tag="880">
		<subfield code="6">245-02</subfield>
		<subfield code="a">إصلاح أشنع خطأ في تاريخ التشريع الاسلامي :</subfield>
		<subfield code="b">كتاب الأم، لم يؤلفه الشافعي وانما ألفه البويطي وتصرف فيه الربيع بن سليمان /</subfield>
		<subfield code="c">بحث وتحقيق بقلم زكي مبارك.</subfield>
	</datafield>
	<datafield ind1=" " ind2=" " tag="880">
		<subfield code="6">260-03</subfield>
		<subfield code="a">مصر :</subfield>
		<subfield code="b">المكتبة التجارية الكبرى، [1934]</subfield>
	</datafield>
	<datafield ind1="1" ind2="4" tag="880">
		<subfield code="6">600-04</subfield>
		<subfield code="a">شافعي، محمد بن ادريس،</subfield>
		<subfield code="d">767 or 768-820.</subfield>
		<subfield code="t">ام.</subfield>
	</datafield>
	<datafield ind1=" " ind2=" " tag="959">
		<subfield code="a">NNU</subfield>
		<subfield code="b">WEB</subfield>
		<subfield code="c">GENI</subfield>
		<subfield code="t">0</subfield>
		<subfield code="m">Electronic access</subfield>
		<subfield code="s">01</subfield>
	</datafield>
	<datafield ind1=" " ind2=" " tag="999">
		<subfield code="i">UaCaAUL_b1451848x</subfield>
		<subfield code="o">(OCoLC)ocm34166050</subfield>
		<subfield code="s">auc_aco000162</subfield>
		<subfield code="e">(ERROR-880)</subfield>
		<subfield code="s">auc_aco000162</subfield>
	</datafield>
</record>
